<?xml version="1.0" encoding="UTF-8"?><record xmlns="http://www.loc.gov/MARC21/slim" xmlns:cinclude="http://apache.org/cocoon/include/1.0" xmlns:zs="http://www.loc.gov/zing/srw/">
  <leader>00608cz  a2200157n  4500</leader>
  <controlfield tag="001">nr 98034528 </controlfield>
  <controlfield tag="003">DLC</controlfield>
  <controlfield tag="005">20010620110811.0</controlfield>
  <controlfield tag="008">980917n| acannaab           |a aaa     c</controlfield>
  <datafield tag="010" ind1=" " ind2=" ">
    <subfield code="a">nr 98034528 </subfield>
  </datafield>
  <datafield tag="040" ind1=" " ind2=" ">
    <subfield code="a">NIC</subfield>
    <subfield code="c">NIC</subfield>
    <subfield code="d">DLC</subfield>
  </datafield>
  <datafield tag="100" ind1="0" ind2="0">
    <subfield code="a">Thế Vũ</subfield>
  </datafield>
  <datafield tag="400" ind1="1" ind2=" ">
    <subfield code="a">Nguyễn, Minh Thế</subfield>
  </datafield>
  <datafield tag="670" ind1=" " ind2=" ">
    <subfield code="a">Nỗi ham muốn thiêng liêng, 1998:</subfield>
    <subfield code="b">t.p. (Thế Vũ)</subfield>
  </datafield>
  <datafield tag="670" ind1=" " ind2=" ">
    <subfield code="a">Nhà văn Miền Trung thế kỷ XX, 1998:</subfield>
    <subfield code="b">v. 2, p. 6 (Thế Vũ; b. 1941?)</subfield>
  </datafield>
  <datafield tag="670" ind1=" " ind2=" ">
    <subfield code="a">Nhìn lại một chặng đường văn học, 2000:</subfield>
    <subfield code="b">p. 1078 (Thế Vũ; real name: Nguyễn Minh Tế; b. 1948)</subfield>
  </datafield>
</record>